@book{IsingModelBook,
	title          = {Monte Carlo Simulation in Statistical Physics},
	author         = {Heermann, Dieter W and Binder, K},
	year           = {2010},
	pages          = {96-107},
	publisher      = {Springer-Verlag Berlin Heidelberg}
}

@inproceedings{MainPaper,
	author         = {Lepage, G. P.},
	title          = {Lattice {QCD} for novices},
	booktitle      = {Strong interactions at low and intermediate energies.
                        Proceedings},
	year           = {1998},
	pages          = {49-90},
	eprint         = {hep-lat/0506036},
	archivePrefix  = {arXiv},
	primaryClass   = {hep-lat},
	SLACcitation   = {%%CITATION = HEP-LAT/0506036;%%}
}

@book{QuantumBook,
	title          = {Modern quantum mechanics},
	author         = {Sakurai, Jun John and Napolitano, Jim},
	year           = {2011},
	publisher      = {Addison-Wesley}
}

@article{CorrFunctions,
	title          = {The Monte Carlo method in quantum field theory},
	author         = {Morningstar, Colin},
	journal        = {arXiv preprint hep-lat/0702020},
	year           = {2007}
}

@article{MonteCarloLLN,
	title          = {Stochastic simulation and Monte Carlo methods},
	author         = {Hellander, Andreas},
	journal        = {Available in: http://www. it. uu. se/edu/course/homepage/bervet2/MCkompendium/mc. pdf},
	year           = {2009}
}

@article{MonteCarloMetropolis,
	title          = {An introduction to Monte Carlo methods},
	author         = {Walter, J.-C. and Barkema, G.T.},
	year           = {2015},
	journal        = {Physica A: Statistical Mechanics and its Applications},
	volume         = {418},
	number         = {C},
	pages          = {78-87}
}

@book{IsingSus,
title              = {A guide to Monte Carlo simulations in statistical physics},
author             = {Landau, David P and Binder, Kurt},
year               = {2014},
publisher          = {Cambridge university press}
}